@article{sankararaman2009genomic,
  title={Genomic privacy and limits of individual detection in a pool},
  author={Sankararaman, Sriram and Obozinski, Guillaume and Jordan, Michael I and Halperin, Eran},
  journal={Nature genetics},
  volume={41},
  number={9},
  pages={965--967},
  year={2009},
  publisher={Nature Publishing Group}
}

@article{homer2008resolving,
  title={Resolving individuals contributing trace amounts of DNA to highly complex mixtures using high-density SNP genotyping microarrays},
  author={Homer, Nils and Szelinger, Szabolcs and Redman, Margot and Duggan, David and Tembe, Waibhav and Muehling, Jill and Pearson, John V and Stephan, Dietrich A and Nelson, Stanley F and Craig, David W},
  journal={PLoS genetics},
  volume={4},
  number={8},
  pages={e1000167},
  year={2008},
  publisher={Public Library of Science}
}